@electronic{angular-auth-guard,
  title  = {Angular Authentication: Using Route Guards},
  author = {Ryan Chenkie},
  year   = {24 de julio de 2017},
  url    = {https://medium.com/@ryanchenkie_40935/angular-authentication-using-route-guards-bf7a4ca13ae3}
}

@electronic{node-token,
  title  = {How to Build an Authentication API with JWT Token in Node.js},
  author = {Idris Olubisi},
  year   = {15 de junio de 2021},
  url    = {https://www.section.io/engineering-education/how-to-build-authentication-api-with-jwt-token-in-nodejs/}
}

@electronic{mysql-backup,
  title = {MySQL Backup},
  url   = {https://hub.docker.com/r/databack/mysql-backup}
}

@electronic{nodemailer,
  title  = {How to Use Nodemailer to Send Emails from Your Node.js Server},
  author = {Tomer Ben Rachel},
  year   = {25 de enero de 2021},
  url    = {https://www.freecodecamp.org/news/use-nodemailer-to-send-emails-from-your-node-js-server/}
}

@book{docker-swarm-book,
  author    = {Fabrizio Soppelsa, Chanwit Kaewkasi},
  publisher = {Packt Publishing},
  title     = {Native Docker Clustering with Swarm},
  year      = {20 de diciembre de 2016}
}