@electronic{clean-architecture,
  title  = {The Clean Architecture},
  author = {Uncle Bob},
  year   = {13 de agosto de 2013},
  url    = {https://blog.cleancoder.com/uncle-bob/2012/08/13/the-clean-architecture.html}
}

@electronic{proxy-reverse,
  title  = {NGINX Reverse Proxy},
  author = {NGINX Docs},
  url    = {https://docs.nginx.com/nginx/admin-guide/web-server/reverse-proxy/}
}

@electronic{nginx-routing,
  title  = {How to configure NGINX for Angular and ReactJS},
  author = {Shane Rainville},
  url    = {https://www.serverlab.ca/tutorials/linux/web-servers-linux/how-to-configure-nginx-for-angular-and-reactjs/}
}

@electronic{google-cloud-documentation,
  title  = {Desarrollar soluciones en Google Cloud},
  author = {Google},
  url    = {https://cloud.google.com/docs}
}

@electronic{ssh-connection,
  title  = {Cómo usar SSH para conectarse a un servidor remoto},
  author = {Justin Ellingwood},
  year   = {2 de diciembre de 2020},
  url    = {https://www.digitalocean.com/community/tutorials/how-to-use-ssh-to-connect-to-a-remote-server-es}
}

@electronic{ieee-software-architecture,
  title  = {Software architecture: introducing IEEE Standard 1471},
  author = {M.W. Maier, D. Emery, R. Hilliard},
  year   = {abril de 2001},
  url    = {https://ieeexplore.ieee.org/document/917550}
}

@electronic{api-definition,
  title  = {¿Qué es una API?},
  author = {RedHat},
  year   = {31 de octubre de 2017},
  url    = {https://www.redhat.com/es/topics/api/what-are-application-programming-interfaces}
}

@electronic{angular-components,
  title  = {Angular Components Overview},
  author = {Angular},
  year   = {18 de marzo de 2021},
  url    = {https://angular.io/guide/component-overview}
}

@electronic{angular-services,
  title  = {Introduction to services and dependency injection},
  author = {Angular},
  url    = {https://angular.io/guide/architecture-services}
}

@electronic{angular-interfaces,
  title  = {Interfaces},
  author = {Rangle.io},
  url    = {https://angular-training-guide.rangle.io/features/typescript/interfaces}
}

@electronic{angular-routing,
  title  = {Common Routing Tasks},
  author = {Angular},
  url    = {https://angular.io/guide/router}
}

@electronic{angular-file-structure,
  title  = {Workspace and project file structure},
  author = {Angular},
  url    = {https://angular.io/guide/file-structure}
}

@electronic{postman-testing,
  title  = {Cómo se hace: API testing con Postman},
  author = {César Izquierda},
  year   = {1 de diciembre de 2018},
  url    = {https://medium.com/@cesiztel/c%C3%B3mo-se-hace-api-testing-con-postman-978a521552f4}
}

@electronic{selenium-testing,
  title  = {What is Selenium? Introduction to Selenium Automation Testing},
  author = {Krishna Rungta},
  year   = {11 de diciembre de 2021},
  url    = {https://www.guru99.com/introduction-to-selenium.html}
}

@electronic{chrome-testing,
  title  = {Chrome DevTools},
  author = {Google},
  url    = {https://developer.chrome.com/docs/devtools/}
}

@electronic{docker-compose-create,
  title  = {Use Docker Compose},
  author = {Docker Docs},
  url    = {https://docs.docker.com/get-started/08_using_compose/}
}

@electronic{docker-nodejs,
  title  = {Cómo crear una aplicación Node.js con Docker},
  year   = {5 de diciembre de 2019},
  author = {Kathleen Juell},
  url    = {https://www.digitalocean.com/community/tutorials/como-crear-una-aplicacion-node-js-con-docker-es}
}

@electronic{node-express,
  title  = {How to Use MySQL or MariaDB with Node.js and Express},
  year   = {1 de abril de 2020},
  author = {Josh},
  url    = {https://forum.codeselfstudy.com/t/tutorial-how-to-use-mysql-or-mariadb-with-node-js-and-express/2260}
}

@book{clean-architecture-book,
  author    = {Robert C. Martin Series},
  publisher = {Addison-Wesley},
  title     = {Clean Architecture: A Craftsman's Guide to Software Structure and Design},
  year      = {17 de septiembre de 2017}
}

@book{docker-book,
  author    = {Adrian Mouat},
  publisher = {O'Reilly Media},
  title     = {Using Docker: Developing and Deploying Software with Containers},
  year      = {25 de diciembre de 2015}
}

@book{latex-book,
  author    = {David Santo Orcero},
  publisher = {Lulu Press},
  title     = {La Biblia de LaTeX},
  year      = {13 de enero de 2020}
}

@book{angular-book,
  author    = {Yakov Fain, Anton Moiseev},
  publisher = {Manning Publications},
  title     = {Angular Development with TypeScript},
  year      = {21 de marzo de 2019}
}